@Article{kloe19:phy,
  author =   {Kl\"otzl, F. and Haubold, B.},
  title =   {\texttt{Phylonium}: fast estimation of evolutionary
                  distances from large samples of similar genomes},
  journal =   {Bioinformatics},
  year =   2019,
  volume =   {36(7):2040–2046}
}

@article{hau15:andi,
    author = {Haubold, B. and Kl\"otzl, F. and Pfaffelhuber, P.},
    title = {\texttt{andi}: Fast and accurate estimation of evolutionary distances between closely related genomes},
    journal = {Bioinformatics},
    year = 2015,
    volume = {1(8):1169–1175}
}

@phdthesis{kloe20:thesis,
    author = {Kl\"otzl, F.},
    title = {Fast Computation of Genome Distance},
    school = {Institute for Neuro- and Bioinformatics of the University of Lu\"beck},
    year =  {2020}
}